<?xml version="1.0" encoding="UTF-8"?><collection><record><leader>06682ntm a2200565 a 4500</leader><controlfield tag="001">006837685</controlfield><controlfield tag="003">MiAaHDL</controlfield><controlfield tag="005">20190719000000.0</controlfield><controlfield tag="006">m        d        </controlfield><controlfield tag="007">cr bn ---auaua</controlfield><controlfield tag="008">090710q16621663xx            00| ||per d</controlfield><datafield tag="035" ind1=" " ind2=" "><subfield code="a">(MiU)006837685</subfield></datafield><datafield tag="035" ind1=" " ind2=" "><subfield code="a">sdr-miu006837685</subfield></datafield><datafield tag="040" ind1=" " ind2=" "><subfield code="a">MiU</subfield><subfield code="c">MiU</subfield><subfield code="e">amremm</subfield></datafield><datafield tag="043" ind1=" " ind2=" "><subfield code="a">n-us-mi</subfield></datafield><datafield tag="100" ind1="0" ind2=" "><subfield code="6">880-01</subfield><subfield code="a">Jāmī,</subfield><subfield code="d">1414-1492.</subfield></datafield><datafield tag="245" ind1="1" ind2="0"><subfield code="6">880-03</subfield><subfield code="a">[Bahāristān,</subfield><subfield code="f">1073, i.e. 1662 or 1663].</subfield></datafield><datafield tag="246" ind1="3" ind2="8"><subfield code="a">Behāri-stān e Djāmī</subfield></datafield><datafield tag="260" ind1=" " ind2=" "><subfield code="c">[1662 or 1663].</subfield></datafield><datafield tag="300" ind1=" " ind2=" "><subfield code="a">88 leaves :</subfield><subfield code="b">paper ;</subfield><subfield code="c">204 x 154 (135 x 100) mm.</subfield></datafield><datafield tag="500" ind1=" " ind2=" "><subfield code="a">Shelfmark: Ann Arbor, University of Michigan, Special Collections Library, Isl. Ms. 894</subfield></datafield><datafield tag="500" ind1=" " ind2=" "><subfield code="a">Origin: As appears in colophon on p.189 (accompanied by scribal verses), copied by Murtaz̤á ibn Muḥammad with transcription completed in 1073 [1662 or 3].</subfield></datafield><datafield tag="500" ind1=" " ind2=" "><subfield code="a">Accompanying materials: a. Slip with description (in hand of E. Husselman ?) "ʻAbd al-Raḥmān ibn Aḥmad, called Jāmī. Bahāristān | Have many parts of the Haft Awrang, and some other poems, but apparently not this in Mich. MS. Isl." (paginated pp.1-2) -- b. Slip of paper with description in hand of G. Meredith-Owens "MO 18 Bahāristān of Jāmī | copied in 1073" (paginated pp.3-4) -- c. Slip with note "counted for 1968/69 Annual Report" (paginted pp.5-6) -- d. Slip with note "Persian MSS (Heyworth-Dunne?) with Husselman and Meredith-Owen notes" (paginated pp.7-8).</subfield></datafield><datafield tag="500" ind1=" " ind2=" "><subfield code="a">Former shelfmark: Mich. Isl. Ms. temp. no. 43</subfield></datafield><datafield tag="500" ind1=" " ind2=" "><subfield code="a">Binding: Boards covered in grey mottled (sponge-stained look) paper with green fading to tan leather over spine and board corners (half binding) ; Western style binding ; pastedowns and flyleaves in untinted laid paper ; spine accented with raised bands and gold-stamped title, author and shelfmark "BEHĀRI- STĀN E DJĀMĪ | MS. 1073" ; head edge of text block gilt ; sewn in white thread, over recessed cords ; stuck-on endbands ; overall in fair condition with slight abrasion, loss of pigment, etc. ; not original, note on upper pastedown describes rebinding.</subfield></datafield><datafield tag="500" ind1=" " ind2=" "><subfield code="a">Support: European laid paper of a few types ; opening type with 7 laid lines per cm. (vertical), chain lines spaced 27-28 mm. apart (horizontal), and watermark of three crescents (about 80 mm. long, perpendicular to chains, see p.24, 30, 84, 42, etc.) ; another type with 8-9 laid lines per cm. (vertical), chain lines spaced 26-28 mm. apart (horizontal), and crown-star-crescent watermark (see p.38, 42, 54, 56, 190, etc.) ; another type with 8 laid lines per cm. (vertical), chain line spaced 26-28 mm. apart (horizontal) and three crescents watermark (75 mm. tall, perpendicular to chains, see p.118, 150, etc.) ; all quite sturdy, dark cream in color, well-sized and burnished.</subfield></datafield><datafield tag="500" ind1=" " ind2=" "><subfield code="a">Decoration: Keywords and headings rubricated ; textual dividers in the form of red discs ; written area of incipit page surrounded by red rule-border.</subfield></datafield><datafield tag="500" ind1=" " ind2=" "><subfield code="a">Script: Naskh with influence of nastaʻlīq ; elegant hand in a medium line ; mainly serifless with slight effect of tilt to the left, exaggerated elongation of horizontal strokes, curvilinear descenders, pointing (two and three dots) mainly in strokes rather than distinct dots, occasional effect of words descending to baseline ; hand changes just before close (pp.187-189) to a more compact nastaʻlīq.</subfield></datafield><datafield tag="500" ind1=" " ind2=" "><subfield code="a">Layout: Written in 13 lines per page ; frame-ruled.</subfield></datafield><datafield tag="500" ind1=" " ind2=" "><subfield code="a">Collation: iv, V (10), 2 VI(34), 4 V(74), VI (86), I (88), iii ; quinions and senions ; catchwords present ; text of p.26 apparently mistakenly entered by the copyist upside down (dotted lines provided for navigational clues) ; foliation in black ink, Western numerals ; pagination in pencil, Western numerals, supplied during digitization (includes inserts and flyleaves).</subfield></datafield><datafield tag="500" ind1=" " ind2=" "><subfield code="a">Colophon: "Scribal," triangular, reads "تمت الكتاب بعون الله الملك الوهاب على يد الضعيف عباد الصمد مرتضى بن محمد غفر الله له ولوالديه ولمن دعا له بالمغفره ... سنه ثلث وسبعين بعد الالف سنه ۱۰۷۳ ..."</subfield></datafield><datafield tag="500" ind1=" " ind2=" "><subfield code="a">Incipit: "چو مرغ امر ذی بالی ز آغاز نه از نیروی حمد آید به پرواز ..."</subfield></datafield><datafield tag="500" ind1=" " ind2=" "><subfield code="a">Title supplied by cataloguer.</subfield></datafield><datafield tag="500" ind1=" " ind2=" "><subfield code="a">Ms. codex.</subfield></datafield><datafield tag="510" ind1="4" ind2=" "><subfield code="a">Velkov, Asparoukh and Stephane Andreev. Filigranes dans les documents ottomans. I Trois croissants [= Водни знаци в Османотурските документи. I Три луни]. (Sofia: Bibliotheque Nationale "Cyrille et Methode" Comission Archeographique Bulgare Section Orientale, 1983):</subfield><subfield code="c">nos. 229-235</subfield></datafield><datafield tag="510" ind1="4" ind2=" "><subfield code="a">Cat. Pers. MSS. Brit. Mus.,</subfield><subfield code="c">p.755</subfield></datafield><datafield tag="520" ind1="8" ind2=" "><subfield code="a">Fine copy of Jāmī's collection of sayings, anecdotes, short notes and stories.</subfield></datafield><datafield tag="538" ind1=" " ind2=" "><subfield code="a">Mode of access: Internet.</subfield></datafield><datafield tag="541" ind1=" " ind2=" "><subfield code="c">Gift ;</subfield><subfield code="a">Acquired from Frank E. Nuttall (1875-1943).</subfield></datafield><datafield tag="546" ind1=" " ind2=" "><subfield code="a">Persian.</subfield></datafield><datafield tag="561" ind1=" " ind2=" "><subfield code="a">Signature of F. E. Nuttall in black ink on upper pastedown, accompanying description of rebinding "Rebound by Menzies, Oct. 1914. | Ff. 1-88. A leaf has been inserted between the endpaper and f. 1. F. 88 was pasted on the end-paper when the book was bought. The sections were made up of leaves as follows: – 10, 12, 12, 10, 10, 10, 10, 12, 2." ; former owners' marks on incipit page (p.17) include a few partially legible inscriptions and circular stamp / seal impression in purple ink ; scribal verses accompany colophon at close including "كتبت كتابي بخط جميل وعمر كثير ويوم طويل اخاف من الموت اذا جاءني يباع كتابي بشيء قليل" ; notes and excerpts on leaves at close of codex, including crudely written ownership statement in ink in name of one "عبد الصمن ابن بصون باشى مصطفى اغا" on p.191 (also on p.192 in pencil, with some variation) and inscription "John J. Beer | Rack Ferry" (p.191) ; back flyleaf stamped "[F]AZAKERLEY BINDER MANCHESTER" ; glosses and marginal corrections.</subfield></datafield><datafield tag="650" ind1=" " ind2="0"><subfield code="a">Manuscripts, Persian</subfield><subfield code="z">Michigan</subfield><subfield code="z">Ann Arbor.</subfield></datafield><datafield tag="650" ind1=" " ind2="0"><subfield code="a">Persian prose literature</subfield><subfield code="v">Early works to 1800.</subfield></datafield><datafield tag="650" ind1=" " ind2="0"><subfield code="a">Persian literature</subfield><subfield code="y">747-1500.</subfield></datafield><datafield tag="700" ind1="1" ind2=" "><subfield code="a">Nuttall, Frank E.,</subfield><subfield code="d">1875-1943,</subfield><subfield code="e">former owner.</subfield></datafield><datafield tag="700" ind1="0" ind2=" "><subfield code="6">880-05</subfield><subfield code="a">Murtaz̤á ibn Muḥammad,</subfield><subfield code="d">fl. 1663,</subfield><subfield code="e">scribe.</subfield></datafield><datafield tag="773" ind1="0" ind2=" "><subfield code="a">F. E. Nuttall Collection.</subfield></datafield><datafield tag="880" ind1="0" ind2=" "><subfield code="6">700-05/</subfield><subfield code="a">مرتضى بن محمد,</subfield><subfield code="e">ناسخ.</subfield></datafield><datafield tag="880" ind1="1" ind2="0"><subfield code="6">245-03/</subfield><subfield code="a">[بهارستان,</subfield><subfield code="f">1073ه, 1662 او 1663م].</subfield></datafield><datafield tag="880" ind1="0" ind2=" "><subfield code="6">100-01/</subfield><subfield code="a">جامى.</subfield></datafield><datafield tag="CID" ind1=" " ind2=" "><subfield code="a">006837685</subfield></datafield><datafield tag="DAT" ind1="0" ind2=" "><subfield code="a">20190719102642.0</subfield><subfield code="b">20190719000000.0</subfield></datafield><datafield tag="DAT" ind1="1" ind2=" "><subfield code="a">20190719090653.0</subfield><subfield code="b">2019-07-19T16:12:33Z</subfield></datafield><datafield tag="DAT" ind1="2" ind2=" "><subfield code="a">2015-10-02T18:00:03Z</subfield></datafield><datafield tag="CAT" ind1=" " ind2=" "><subfield code="a">SDR-MIU</subfield><subfield code="d">EX LIBRIS - ALEPH</subfield><subfield code="l">prepare.pl-004-008</subfield></datafield><datafield tag="FMT" ind1=" " ind2=" "><subfield code="a">BK</subfield></datafield><datafield tag="HOL" ind1=" " ind2=" "><subfield code="0">sdr-miu006837685</subfield><subfield code="a">MiU</subfield><subfield code="b">SDR</subfield><subfield code="c">MIU</subfield><subfield code="p">mdp.39015079132711</subfield><subfield code="s">MIU</subfield><subfield code="1">006837685</subfield></datafield><datafield tag="974" ind1=" " ind2=" "><subfield code="b">MIU</subfield><subfield code="c">MIU</subfield><subfield code="d">20190719</subfield><subfield code="s">lit-dlps-dc</subfield><subfield code="u">mdp.39015079132711</subfield><subfield code="y">1663</subfield><subfield code="r">pd</subfield><subfield code="q">bib</subfield><subfield code="t">non-US bib date2 &lt; 1896</subfield></datafield></record></collection>